@article{nielsen1981petri,
  title={Petri nets, event structures and domains, part I},
  author={Nielsen, Mogens and Plotkin, Gordon and Winskel, Glynn},
  journal={Theoretical Computer Science},
  volume={13},
  number={1},
  pages={85--108},
  year={1981},
  publisher={Elsevier}
}
@article{ball2016dedekind,
  title={The Dedekind MacNeille site completion of a meet semilattice},
  author={Ball, Richard N and Pultr, Ale{\v{s}} and Wayland, Joanne Walters},
  journal={Algebra universalis},
  volume={76},
  number={2},
  pages={183--197},
  year={2016},
  publisher={Springer}
}