@article{nielsen1981petri,
  title={Petri nets, event structures and domains, part I},
  author={Nielsen, Mogens and Plotkin, Gordon and Winskel, Glynn},
  journal={Theoretical Computer Science},
  volume={13},
  number={1},
  pages={85--108},
  year={1981},
  publisher={Elsevier}
}
@article{ball2016dedekind,
  title={The Dedekind MacNeille site completion of a meet semilattice},
  author={Ball, Richard N and Pultr, Ale{\v{s}} and Wayland, Joanne Walters},
  journal={Algebra universalis},
  volume={76},
  number={2},
  pages={183--197},
  year={2016},
  publisher={Springer}
}
@article{gehrke2014distributive,
  title={Distributive envelopes and topological duality for lattices via canonical extensions},
  author={Gehrke, Mai and Van Gool, Samuel J},
  journal={Order},
  volume={31},
  number={3},
  pages={435--461},
  year={2014},
  publisher={Springer}
}
@book{johnstone1982stone,
  title={Stone spaces},
  author={Johnstone, Peter T},
  volume={3},
  year={1982},
  publisher={Cambridge university press}
}
@book{vickers1996topology,
  title={Topology via logic},
  author={Vickers, Steven},
  year={1996},
  publisher={Cambridge University Press}
}
@article{bruns1970injective,
  title={Injective hulls of semilattices},
  author={Bruns, G{\"u}nter and Lakser, Harry},
  journal={Canadian Mathematical Bulletin},
  volume={13},
  number={1},
  pages={115--118},
  year={1970},
  publisher={Cambridge University Press}
}
@article{macneille1937partially,
  title={Partially ordered sets},
  author={MacNeille, Holbrook Mann},
  journal={Transactions of the American Mathematical Society},
  volume={42},
  number={3},
  pages={416--460},
  year={1937}
}
@article{sperner1928satz,
  title={Ein satz {\"u}ber untermengen einer endlichen menge},
  author={Sperner, Emanuel},
  journal={Mathematische Zeitschrift},
  volume={27},
  number={1},
  pages={544--548},
  year={1928},
  publisher={Springer}
}
@article{stanley2013algebraic,
  title={Algebraic combinatorics},
  author={Stanley, Richard P},
  journal={Springer},
  volume={20},
  pages={22},
  year={2013},
  publisher={Springer}
}
@book{fajstrup2016directed,
  title={Directed algebraic topology and concurrency},
  author={Fajstrup, Lisbeth and Goubault, Eric and Haucourt, Emmanuel and Mimram, Samuel and Raussen, Martin},
  volume={138},
  year={2016},
  publisher={Springer}
}
@article{forman2002user,
  title={A user's guide to discrete Morse theory},
  author={Forman, Robin},
  journal={S{\'e}m. Lothar. Combin},
  volume={48},
  pages={35pp},
  year={2002}
}
@article{mimram2013categorical,
  title={A categorical theory of patches},
  author={Mimram, Samuel and Di Giusto, Cinzia},
  journal={Electronic notes in theoretical computer science},
  volume={298},
  pages={283--307},
  year={2013},
  publisher={Elsevier}
}
@inproceedings{angiuli2014homotopical,
  title={Homotopical patch theory},
  author={Angiuli, Carlo and Morehouse, Edward and Licata, Daniel R and Harper, Robert},
  booktitle={ACM SIGPLAN Notices},
  volume={49},
  pages={243--256},
  year={2014},
  organization={ACM}
}