@article{nielsen1981petri,
  title={Petri nets, event structures and domains, part I},
  author={Nielsen, Mogens and Plotkin, Gordon and Winskel, Glynn},
  journal={Theoretical Computer Science},
  volume={13},
  number={1},
  pages={85--108},
  year={1981},
  publisher={Elsevier}
}
@article{ball2016dedekind,
  title={The Dedekind MacNeille site completion of a meet semilattice},
  author={Ball, Richard N and Pultr, Ale{\v{s}} and Wayland, Joanne Walters},
  journal={Algebra universalis},
  volume={76},
  number={2},
  pages={183--197},
  year={2016},
  publisher={Springer}
}
@article{gehrke2014distributive,
  title={Distributive envelopes and topological duality for lattices via canonical extensions},
  author={Gehrke, Mai and Van Gool, Samuel J},
  journal={Order},
  volume={31},
  number={3},
  pages={435--461},
  year={2014},
  publisher={Springer}
}
@book{johnstone1982stone,
  title={Stone spaces},
  author={Johnstone, Peter T},
  volume={3},
  year={1982},
  publisher={Cambridge university press}
}
@book{vickers1996topology,
  title={Topology via logic},
  author={Vickers, Steven},
  year={1996},
  publisher={Cambridge University Press}
}
@article{bruns1970injective,
  title={Injective hulls of semilattices},
  author={Bruns, G{\"u}nter and Lakser, Harry},
  journal={Canadian Mathematical Bulletin},
  volume={13},
  number={1},
  pages={115--118},
  year={1970},
  publisher={Cambridge University Press}
}
@article{macneille1937partially,
  title={Partially ordered sets},
  author={MacNeille, Holbrook Mann},
  journal={Transactions of the American Mathematical Society},
  volume={42},
  number={3},
  pages={416--460},
  year={1937}
}
@article{sperner1928satz,
  title={Ein satz {\"u}ber untermengen einer endlichen menge},
  author={Sperner, Emanuel},
  journal={Mathematische Zeitschrift},
  volume={27},
  number={1},
  pages={544--548},
  year={1928},
  publisher={Springer}
}
@article{stanley2013algebraic,
  title={Algebraic combinatorics},
  author={Stanley, Richard P},
  journal={Springer},
  volume={20},
  pages={22},
  year={2013},
  publisher={Springer}
}
@book{fajstrup2016directed,
  title={Directed algebraic topology and concurrency},
  author={Fajstrup, Lisbeth and Goubault, Eric and Haucourt, Emmanuel and Mimram, Samuel and Raussen, Martin},
  volume={138},
  year={2016},
  publisher={Springer}
}
@article{forman2002user,
  title={A user's guide to discrete Morse theory},
  author={Forman, Robin},
  journal={S{\'e}m. Lothar. Combin},
  volume={48},
  pages={35pp},
  year={2002}
}
@article{mimram2013categorical,
  title={A categorical theory of patches},
  author={Mimram, Samuel and Di Giusto, Cinzia},
  journal={Electronic notes in theoretical computer science},
  volume={298},
  pages={283--307},
  year={2013},
  publisher={Elsevier}
}
@inproceedings{angiuli2014homotopical,
  title={Homotopical patch theory},
  author={Angiuli, Carlo and Morehouse, Edward and Licata, Daniel R and Harper, Robert},
  booktitle={ACM SIGPLAN Notices},
  volume={49},
  pages={243--256},
  year={2014},
  organization={ACM}
}
@inproceedings{merkle1987digital,
  title={A digital signature based on a conventional encryption function},
  author={Merkle, Ralph C},
  booktitle={Conference on the theory and application of cryptographic techniques},
  pages={369--378},
  year={1987},
  organization={Springer}
}
@article{pratt1986modeling,
  title={Modeling concurrency with partial orders},
  author={Pratt, Vaughan},
  journal={International Journal of Parallel Programming},
  volume={15},
  number={1},
  pages={33--71},
  year={1986},
  publisher={Springer}
}
@misc{van1988troelstra,
  title={Constructivism in Mathematics: An Introduction Vol. 1 and Vol. 2},
  author={van Dalen, Dirk and Troelstra, Anne S.},
  year={1988},
  publisher={Elsevier Science, North-Holland}
}
@ARTICLE{schultz2017temporal,
       author = {{Schultz}, Patrick and {Spivak}, David I.},
        title = "{Temporal Type Theory: A topos-theoretic approach to systems and behavior}",
      journal = {arXiv e-prints},
     keywords = {Mathematics - Category Theory, Mathematics - Logic, 03G30, 18B25, 06B35, 93A30},
         year = "2017",
        month = "Oct",
          eid = {arXiv:1710.10258},
        pages = {arXiv:1710.10258},
archivePrefix = {arXiv},
       eprint = {1710.10258},
 primaryClass = {math.CT},
       adsurl = {https://ui.adsabs.harvard.edu/abs/2017arXiv171010258S},
      adsnote = {Provided by the SAO/NASA Astrophysics Data System}
}

@book{gratzer2009lattice,
  title={Lattice theory: First concepts and distributive lattices},
  author={Gratzer, George},
  year={2009},
  publisher={Courier Corporation}
}
@article{moggi1991notions,
  title={Notions of computation and monads},
  author={Moggi, Eugenio},
  journal={Information and computation},
  volume={93},
  number={1},
  pages={55--92},
  year={1991},
  publisher={Elsevier}
}

@article{DBLP:journals/corr/abs-1802-03726,
  author    = {Paolo Baldan and
               Roberto Bruni and
               Andrea Corradini and
               Fabio Gadducci and
               Hern{\'{a}}n C. Melgratti and
               Ugo Montanari},
  title     = {Event Structures for Petri nets with Persistence},
  journal   = {CoRR},
  volume    = {abs/1802.03726},
  year      = {2018},
  url       = {http://arxiv.org/abs/1802.03726},
  archivePrefix = {arXiv},
  eprint    = {1802.03726},
  timestamp = {Mon, 13 Aug 2018 16:47:13 +0200},
  biburl    = {https://dblp.org/rec/bib/journals/corr/abs-1802-03726},
  bibsource = {dblp computer science bibliography, https://dblp.org}
}

@incollection{francisco2014survey,
  title={A survey of Stanley--Reisner theory},
  author={Francisco, Christopher A and Mermin, Jeffrey and Schweig, Jay},
  booktitle={Connections between algebra, combinatorics, and geometry},
  pages={209--234},
  year={2014},
  publisher={Springer}
}

@inproceedings{sorkin1983posets,
  title={Posets as lattice topologies},
  author={Sorkin, Rafael D},
  booktitle={General Relativity and Gravitation, Volume 1},
  volume={1},
  pages={635},
  year={1983}
}

@article{di2006edos,
  title={EDOS deliverable WP2-D2. 2: Report on Formal Management of Software Dependencies},
  author={Di Cosmo, Roberto},
  year={2006}
}

@book{stern1999semimodular,
  title={Semimodular lattices: theory and applications},
  author={Stern, Manfred},
  volume={73},
  year={1999},
  publisher={Cambridge University Press}
}

@article{abate2012dependency,
  title={Dependency solving: a separate concern in component evolution management},
  author={Abate, Pietro and Di Cosmo, Roberto and Treinen, Ralf and Zacchiroli, Stefano},
  journal={Journal of Systems and Software},
  volume={85},
  number={10},
  pages={2228--2240},
  year={2012},
  publisher={Elsevier}
}

@MISC {343183,
    TITLE = {Explicit calculation of the width of a product of chains (i.e. maximal rank size)},
    AUTHOR = {Stanley, Richard},
    HOWPUBLISHED = {MathOverflow},
    YEAR={2019},
    NOTE = {URL:https://mathoverflow.net/q/343183 (version: 2019-10-05)},
    EPRINT = {https://mathoverflow.net/q/343183},
    URL = {https://mathoverflow.net/q/343183}
}

@inproceedings{mitchell:shake_24_sep_2018
    ,title          = {Build Systems \`a la Carte}
    ,author         = {Andrey Mokhov and Neil Mitchell and Simon Peyton Jones}
    ,year           = {2018}
    ,month          = {September}
    ,day            = {24}
    ,journal        = {Proceedings ACM Programing Languages}
    ,volume         = {2}
    ,issn           = {2475-1421}
    ,pages          = {79:1--79:29}
    ,articleno      = {79}
    ,doi            = {http://doi.acm.org/10.1145/3236774}
    ,url            = {\verb'https://github.com/snowleopard/build/releases/download/icfp-final/build-systems.pdf'}
}

@misc{fabstract,
  title = {Formal Abstracts},
  howpublished = {\url{https://formalabstracts.github.io/}},
  note = {Accessed: 2020-01-30},
  year= {2019},
  author = {Thomas Hales}
}

@inproceedings{swierstra2014semantics,
  title={The semantics of version control},
  author={Swierstra, Wouter and L{\"o}h, Andres},
  booktitle={Proceedings of the 2014 ACM International Symposium on New Ideas, New Paradigms, and Reflections on Programming \& Software},
  pages={43--54},
  year={2014}
}

@inproceedings{winskel1986event,
  title={Event structures},
  author={Winskel, Glynn},
  booktitle={Advanced Course on Petri Nets},
  pages={325--392},
  year={1986},
  organization={Springer}
}

@MISC{npm,
author = {npm Inc},
title = {npm Registry},
year = {2020},
howpublished={\url{https://www.npmjs.com/}}
}

@MISC{cabal,
author = {Haskell.org},
title = {The Haskell Cabal},
year = {2020},
howpublished={\url{https://www.haskell.org/cabal/}}
}
@MISC{gem,
author = {RubyGems.org},
title = {RubyGems},
year = {2020},
howpublished={\url{https://rubygems.org/}}
}

@article{milner1992calculus,
  title={A calculus of mobile processes, I and II},
  author={Milner, Robin and Parrow, Joachim and Walker, David},
  journal={Information and computation},
  volume={100},
  number={1},
  pages={1--77},
  year={1992},
  publisher={Elsevier}
}

@article{bloom1995bisimulation,
  title={Bisimulation can't be traced},
  author={Bloom, Bard and Istrail, Sorin and Meyer, Albert R},
  journal={Journal of the ACM (JACM)},
  volume={42},
  number={1},
  pages={232--268},
  year={1995},
  publisher={ACM New York, NY, USA}
}

@article{winskel1984synchronization,
  title={Synchronization trees},
  author={Winskel, Glynn},
  journal={Theoretical Computer Science},
  volume={34},
  number={1-2},
  pages={33--82},
  year={1984},
  publisher={Elsevier}
}

@inproceedings{sambin1998preview,
  title={A preview of the basic picture: a new perspective on formal topology},
  author={Sambin, Giovanni and Gebellato, Silvia},
  booktitle={International Workshop on Types for Proofs and Programs},
  pages={194--208},
  year={1998},
  organization={Springer}
}

@article{bucalo2006completions,
  title={Completions, comonoids, and topological spaces},
  author={Bucalo, Anna and Rosolini, Giuseppe},
  journal={Annals of Pure and Applied Logic},
  volume={137},
  number={1-3},
  pages={104--125},
  year={2006},
  publisher={North-Holland}
}

@article{ect,
  title={Eternal Compatibility In Theory},
  author={Moritz Hallberg, Sven},
  journal={The Monad Reader},
  number={2},
  year={2005},
  publisher={Haskell.org},
  howpublished={\url{https://wiki.haskell.org/The_Monad.Reader/Issue2/EternalCompatibilityInTheory}}
}

@MISC{librarypolicy,
author = {Ziganshin, Bulat},
title = {Library versioning policy},
year = {2006},
howpublished={\url{https://mail.haskell.org/pipermail/haskell/2006-November/018762.html}}
}

@MISC{semver,
author = {Preston-Werner, Tom},
title = {Semantic Versioning 1.0.0-beta},
year = {2009},
howpublished={\url{https://semver.org/spec/v1.0.0-beta.html}}
}

@MISC{armstrong,
author = {Armstrong, Joe},
title = {Why do we need modules at all?},
year = {2011},
howpublished={\url{http://erlang.org/pipermail/erlang-questions/2011-May/058768.html}}
}

@MISC{unison,
author = {Chiusano, Paul and Bjarnason, Rúnar},
title = {A tour of Unison},
year = {2020},
howpublished={\url{https://www.unisonweb.org/docs/tour}}
}

@MISC{dhall,
author = {Gonzalez, Gabriel},
title = {Dhall: Import resolution},
year = {2020},
howpublished={\url{https://github.com/dhall-lang/dhall-lang/blob/master/standard/imports.md}}
}

@MISC{rusthell,
author = {Coakley, Stephen},
title = {How Rust Solved Dependency Hell},
year = {2019},
howpublished={\url{https://stephencoakley.com/2019/04/24/how-rust-solved-dependency-hell}}
}

@MISC{npmworks,
author = {npm Inc},
title = {How npm2 Works},
year = {2018},
howpublished={\url{http://npm.github.io/how-npm-works-docs/npm2/how-npm2-works.html}}
}

@misc{master2020open,
    title={The Open Algebraic Path Problem},
    author={Jade Master},
    year={2020},
    eprint={2005.06682},
    archivePrefix={arXiv},
    primaryClass={math.CT}
}

@inproceedings{baldan2017domains,
  title={Domains and event structures for fusions},
  author={Baldan, Paolo and Corradini, Andrea and Gadducci, Fabio},
  booktitle={2017 32nd Annual ACM/IEEE Symposium on Logic in Computer Science (LICS)},
  pages={1--12},
  year={2017},
  organization={IEEE}
}

@misc{bazerman2020topological,
    title={The Topological and Logical Structure of Concurrency and Dependency via Distributive Lattices},
    author={Gershom Bazerman and Raymond Puzio},
    year={2020},
    eprint={2004.05688},
    archivePrefix={arXiv},
    primaryClass={cs.LO}
}

@article{lawvere2007axiomatic,
  title={Axiomatic cohesion},
  author={Lawvere, F William},
  journal={Theory and Applications of Categories},
  volume={19},
  number={3},
  pages={41--49},
  year={2007}
}

@book{anderson2012rings,
  title={Rings and categories of modules},
  author={Anderson, Frank W and Fuller, Kent R},
  volume={13},
  year={2012},
  publisher={Springer Science \& Business Media}
}

@article{harland2000forward,
  title={Forward and backward chaining in linear logic},
  author={Harland, James A and Pym, David J and Winikoff, Michael},
  journal={Electronic Notes in Theoretical Computer Science},
  volume={37},
  pages={1--16},
  year={2000},
  publisher={Elsevier}
}